% Encoding: UTF-8

@Online{BWE2020,
  author       = {{Bundesministerium für Wirtschaft und Energie}},
  date         = {2020-05-24},
  title        = {Zeitreihen zur Entwicklung der erneuerbaren Energien in Deutschland},
  url          = {https://www.erneuerbare-energien.de/EE/Navigation/DE/Service/Erneuerbare_Energien_in_Zahlen/Zeitreihen/zeitreihen.html},
  organization = {AGEE-Stat},
  urldate      = {2020-05-24},
  groups       = {Data},
}

@Online{DanielGromke2019,
  author   = {Daniel-Gromke, Jaqueline and Kornatz, Peter and Dotzauer, Martin and Stur, Mathias and Denysenko, Velina},
  date     = {2019-11-08},
  title    = {Leitfaden Flexibilisierung der Strombereitstellung von Biogasanlagen (LF Flex)},
  url      = {https://www.dbfz.de/fileadmin//user_upload/Referenzen/Studien/20191108_LeitfadenFlex_Abschlussbericht.pdf},
  subtitle = {Abschlussbericht},
  urldate  = {2020-05-29},
  groups   = {Papers},
}

@Online{ISE2013,
  author   = {{Fraunhofer-Institut für Solare Energiesysteme ISE}},
  date     = {2013-11},
  title    = {Energiesystem Deutschland 2050},
  url      = {https://www.ise.fraunhofer.de/content/dam/ise/de/documents/publications/studies/Fraunhofer-ISE_Energiesystem-Deutschland-2050.pdf},
  subtitle = {Sektor-und Energieträgerübergreifende, modellbasierte, ganzheitliche Untersuchung zur langfristigen Reduktion energiebedingter CO2-Emissionen durch Energieeffizienz und den Einsatz Erneuerbarer Energien},
  urldate  = {2020-05-29},
  groups   = {Papers},
}

@Online{BJV2014,
  author  = {{Bundesministerium der Justiz und für Verbraucherschutz}},
  date    = {2014-07-21},
  title   = {Gesetz für den Ausbau erneuerbarer Energien (Erneuerbare-Energien-Gesetz - EEG 2017)},
  url     = {http://www.gesetze-im-internet.de/eeg_2014/EEG_2017.pdf},
  urldate = {2020-05-29},
  groups  = {Laws},
}

@Comment{jabref-meta: databaseType:biblatex;}

@Comment{jabref-meta: grouping:
0 AllEntriesGroup:;
1 StaticGroup:Data\;0\;1\;0x8a8a8aff\;\;\;;
1 StaticGroup:Papers\;0\;1\;0x334db3ff\;\;\;;
1 StaticGroup:Laws\;0\;1\;0xb31a1aff\;\;\;;
}
